@misc{hubinger2021,
      title={Risks from Learned Optimization in Advanced Machine Learning Systems},
      author={Evan Hubinger and Chris van Merwijk and Vladimir Mikulik and Joar Skalse and Scott Garrabrant},
      year={2021},
      eprint={1906.01820},
      archivePrefix={arXiv},
      primaryClass={cs.AI},
      url={https://arxiv.org/abs/1906.01820},
}